@article{Miller,
  author    = {Tim Miller},
  title     = {Explanation in Artificial Intelligence: Insights from the Social Sciences},
  journal   = {CoRR},
  volume    = {abs/1706.07269},
  year      = {2017},
  url       = {http://arxiv.org/abs/1706.07269},
  archivePrefix = {arXiv},
  eprint    = {1706.07269},
  timestamp = {Mon, 13 Aug 2018 16:47:22 +0200},
  biburl    = {https://dblp.org/rec/bib/journals/corr/Miller17a},
  bibsource = {dblp computer science bibliography, https://dblp.org}
}
@incollection{NIPS2016_6300,
title = {Examples are not enough, learn to criticize! Criticism for Interpretability},
author = {Kim, Been and Khanna, Rajiv and Koyejo, Oluwasanmi O},
booktitle = {Advances in Neural Information Processing Systems 29},
editor = {D. D. Lee and M. Sugiyama and U. V. Luxburg and I. Guyon and R. Garnett},
pages = {2280--2288},
year = {2016},
publisher = {Curran Associates, Inc.},
url = {http://papers.nips.cc/paper/6300-examples-are-not-enough-learn-to-criticize-criticism-for-interpretability.pdf}
}
@book{molnar2019,
  title      = {Interpretable Machine Learning},
  author     = {Christoph Molnar},
  note       = {\url{https://christophm.github.io/interpretable-ml-book/}},
  year       = {2019},
  subtitle   = {A Guide for Making Black Box Models Explainable}
}
@article{ribeiro2016model,
  title={Model-agnostic interpretability of machine learning},
  author={Ribeiro, Marco Tulio and Singh, Sameer and Guestrin, Carlos},
  journal={arXiv preprint arXiv:1606.05386},
  year={2016}
}
@article{RibeiroSG16,
  author    = {Marco T{\'{u}}lio Ribeiro and
               Sameer Singh and
               Carlos Guestrin},
  title     = {"Why Should {I} Trust You?": Explaining the Predictions of Any Classifier},
  journal   = {CoRR},
  volume    = {abs/1602.04938},
  year      = {2016},
  url       = {http://arxiv.org/abs/1602.04938},
  archivePrefix = {arXiv},
  eprint    = {1602.04938},
  timestamp = {Mon, 13 Aug 2018 16:49:09 +0200},
  biburl    = {https://dblp.org/rec/bib/journals/corr/RibeiroSG16},
  bibsource = {dblp computer science bibliography, https://dblp.org}
}
@incollection{SHAP,
title = {A Unified Approach to Interpreting Model Predictions},
author = {Lundberg, Scott M and Lee, Su-In},
booktitle = {Advances in Neural Information Processing Systems 30},
editor = {I. Guyon and U. V. Luxburg and S. Bengio and H. Wallach and R. Fergus and S. Vishwanathan and R. Garnett},
pages = {4765--4774},
year = {2017},
publisher = {Curran Associates, Inc.},
url = {http://papers.nips.cc/paper/7062-a-unified-approach-to-interpreting-model-predictions.pdf}
}
@incollection{LRP_Implementation,
title = {Tutorial: Implementing Deep Taylor Decomposition / LRP},
url = {http://www.heatmapping.org/tutorial/}
}
@incollection{Integrated_Gradients,
title = {Axiomatic Attribution for Deep Networks},
author = {Mukund Sundararajan, Ankur Taly, Qiqi Yan},
year = {2017},
url = {https://arxiv.org/abs/1703.01365}
}
@incollection{Occlusion,
title = {Visualizing and Understanding Convolutional Networks},
author = {Matthew D. Zeiler, Rob Fergus},
year = {2014},
}